@article{Caruana08,
    author    = "Rich Caruana and Nikos Karampatziakis and Ainur Yessenalina",
    title     = "An Empirical Evaluation of Supervised Learning in High Dimensions",
    journal   = "Proceedings of the 25th International Conference on Machine Learning",
    year      = "2008",
}

@article{Delgado14,
    author    = "Manuel Fern?andez-Delgado and Eva Cernadas and Senen Barro and Dinani Amorim",
    title     = "Do we Need Hundreds of Classifiers to Solve Real World Classification Problems?",
    journal   = "Journal of Machine Learning Research",
    volume   = "15",
    number   = "1",
    pages    = "3133-3181",
    year      = "2014",
    month    = "October",
}