@inproceedings{openconnectome,
  title={The Open Connectome Project Data Cluster: scalable analysis and vision for high-throughput neuroscience},
  author={Burns, Randal and Lillaney, Kunal and Berger, Daniel R and Grosenick, Logan and Deisseroth, Karl and Reid, R Clay and Roncal, William Gray and Manavalan, Priya and Bock, Davi D and Kasthuri, Narayanan and others},
  booktitle={Proceedings of the 25th International Conference on Scientific and Statistical Database Management},
  pages={27},
  year={2013},
  organization={ACM}
}

@article{grillner,
  title={Worldwide initiatives to advance brain research},
  author={Grillner, S. and others},
  journal={Nature neuroscience},
  volume={19},
  number={9},
  pages={1118--1122},
  year={2016},
  publisher={Nature Publishing Group}
}

@article{poldrack2014making,
  title={Making big data open: data sharing in neuroimaging},
  author={Poldrack, Russell A and Gorgolewski, Krzysztof J},
  journal={Nature neuroscience},
  volume={17},
  number={11},
  pages={1510--1517},
  year={2014},
  publisher={Nature Publishing Group}
}

@misc{ndmg,
  author       = {Kiar, Gregory and
                  {Gray Roncal}, William and
                  Mhembere, Disa and
                  Bridgeford, Eric and
                  Burns, Randal and
                  Vogelstein, Joshua},
  title        = {ndmg: NeuroData's MRI Graphs pipeline},
  month        = aug,
  year         = 2016,
  doi          = {10.5281/zenodo.60206},
  url          = {http://dx.doi.org/10.5281/zenodo.60206}
}

